

@inproceedings{ledig2017photo,
  title={Photo-realistic single image super-resolution using a generative adversarial network},
  author={Ledig, Christian and Theis, Lucas and Husz{\'a}r, Ferenc and Caballero, Jose and Cunningham, Andrew and Acosta, Alejandro and Aitken, Andrew and Tejani, Alykhan and Totz, Johannes and Wang, Zehan and others},
  booktitle={Proceedings of the IEEE conference on computer vision and pattern recognition},
  pages={4681--4690},
  year={2017}
}

@inproceedings{lim2017enhanced,
  title={Enhanced deep residual networks for single image super-resolution},
  author={Lim, Bee and Son, Sanghyun and Kim, Heewon and Nah, Seungjun and Mu Lee, Kyoung},
  booktitle={Proceedings of the IEEE conference on computer vision and pattern recognition workshops},
  pages={136--144},
  year={2017}
}

@article{yang2019deep,
  title={Deep learning for single image super-resolution: A brief review},
  author={Yang, Wenming and Zhang, Xuechen and Tian, Yapeng and Wang, Wei and Xue, Jing-Hao and Liao, Qingmin},
  journal={IEEE Transactions on Multimedia},
  volume={21},
  number={12},
  pages={3106--3121},
  year={2019},
  publisher={IEEE}
}

@article{redmon2018yolov3,
  title={Yolov3: An incremental improvement},
  author={Redmon, Joseph and Farhadi, Ali},
  journal={arXiv preprint arXiv:1804.02767},
  year={2018}
}

@inproceedings{liu2016ssd,
  title={Ssd: Single shot multibox detector},
  author={Liu, Wei and Anguelov, Dragomir and Erhan, Dumitru and Szegedy, Christian and Reed, Scott and Fu, Cheng-Yang and Berg, Alexander C},
  booktitle={European conference on computer vision},
  pages={21--37},
  year={2016},
  organization={Springer}
}

@inproceedings{he2016deep,
  title={Deep residual learning for image recognition},
  author={He, Kaiming and Zhang, Xiangyu and Ren, Shaoqing and Sun, Jian},
  booktitle={Proceedings of the IEEE conference on computer vision and pattern recognition},
  pages={770--778},
  year={2016}
}

%% Space paper
@inproceedings{zhang2019,
    title={A Comparable Study of CNN-Based Single Image Super-Resolution for Space-Based Imaging Sensors},
    author={Zhang, Haopeng and Wang, Pngrui and Zhang, Cong and Jiang, Zhiguo},
    booktitle={Sensors (Basel)},
    publisher={MDPI},
    pages={32--34},
    volume={19},
    issue={14}
}

%% biomedical paper
@article{Georgescu2020,
  title={Convolutional Neural Networks with Intermediate Loss for 3D Super-Resolution of CT and MRI Scans},
  author={Mariana-Iuliana Georgescu and Radu Tudor Ionescu and Nicolae Verga},
  journal={ArXiv},
  year={2020},
  volume={abs/2001.01330}
}

%% biomedical paper
@article{Pham2019,
author = {Pham, Chi-Hieu and Tor-D{\'{i}}ez, Carlos and Meunier, H{\'{e}}l{\`{e}}ne and Bednarek, Nathalie and Fablet, Ronan and Passat, Nicolas and Rousseau, Fran{\c{c}}ois and ene Meunier, H{\'{e}}{\`{i}}},
doi = {10.1016/j.compmedimag.2019.101647Ã¯},
file = {:C$\backslash$:/Users/ebrandt/AppData/Local/Mendeley Ltd./Mendeley Desktop/Downloaded/Pham et al. - 2019 - Multiscale brain MRI super-resolution using deep 3D convolutional networks Multiscale brain MRI super-resolution us.pdf:pdf},
journal = {Computerized Medical Imaging and Graphics},
keywords = {3D convolutional neural network,brain MRI,super-resolution},
publisher = {Elsevier},
title = {{Multiscale brain MRI super-resolution using deep 3D convolutional networks Multiscale brain MRI super-resolution using deep 3D convolutional}},
url = {https://hal.archives-ouvertes.fr/hal-01635455v2},
volume = {77},
year = {2019}
}


