

@inproceedings{ledig2017photo,
  title={Photo-realistic single image super-resolution using a generative adversarial network},
  author={Ledig, Christian and Theis, Lucas and Husz{\'a}r, Ferenc and Caballero, Jose and Cunningham, Andrew and Acosta, Alejandro and Aitken, Andrew and Tejani, Alykhan and Totz, Johannes and Wang, Zehan and others},
  booktitle={Proceedings of the IEEE conference on computer vision and pattern recognition},
  pages={4681--4690},
  year={2017}
}

@inproceedings{lim2017enhanced,
  title={Enhanced deep residual networks for single image super-resolution},
  author={Lim, Bee and Son, Sanghyun and Kim, Heewon and Nah, Seungjun and Mu Lee, Kyoung},
  booktitle={Proceedings of the IEEE conference on computer vision and pattern recognition workshops},
  pages={136--144},
  year={2017}
}

@article{yang2019deep,
  title={Deep learning for single image super-resolution: A brief review},
  author={Yang, Wenming and Zhang, Xuechen and Tian, Yapeng and Wang, Wei and Xue, Jing-Hao and Liao, Qingmin},
  journal={IEEE Transactions on Multimedia},
  volume={21},
  number={12},
  pages={3106--3121},
  year={2019},
  publisher={IEEE}
}

@article{redmon2018yolov3,
  title={Yolov3: An incremental improvement},
  author={Redmon, Joseph and Farhadi, Ali},
  journal={arXiv preprint arXiv:1804.02767},
  year={2018}
}

@inproceedings{liu2016ssd,
  title={Ssd: Single shot multibox detector},
  author={Liu, Wei and Anguelov, Dragomir and Erhan, Dumitru and Szegedy, Christian and Reed, Scott and Fu, Cheng-Yang and Berg, Alexander C},
  booktitle={European conference on computer vision},
  pages={21--37},
  year={2016},
  organization={Springer}
}

@inproceedings{he2016deep,
  title={Deep residual learning for image recognition},
  author={He, Kaiming and Zhang, Xiangyu and Ren, Shaoqing and Sun, Jian},
  booktitle={Proceedings of the IEEE conference on computer vision and pattern recognition},
  pages={770--778},
  year={2016}
}

%% Space paper
@inproceedings{zhang2019,
    title={A Comparable Study of CNN-Based Single Image Super-Resolution for Space-Based Imaging Sensors},
    author={Zhang, Haopeng and Wang, Pngrui and Zhang, Cong and Jiang, Zhiguo},
    booktitle={Sensors (Basel)},
    publisher={MDPI},
    pages={32--34},
    volume={19},
    issue={14}
}

%% biomedical paper
@article{Georgescu2020,
  title={Convolutional Neural Networks with Intermediate Loss for 3D Super-Resolution of CT and MRI Scans},
  author={Mariana-Iuliana Georgescu and Radu Tudor Ionescu and Nicolae Verga},
  journal={ArXiv},
  year={2020},
  volume={abs/2001.01330}
}

%% biomedical paper
@article{Pham2019,
author = {Pham, Chi-Hieu and Tor-D{\'{i}}ez, Carlos and Meunier, H{\'{e}}l{\`{e}}ne and Bednarek, Nathalie and Fablet, Ronan and Passat, Nicolas and Rousseau, Fran{\c{c}}ois and ene Meunier, H{\'{e}}{\`{i}}},
doi = {10.1016/j.compmedimag.2019.101647Ã¯},
file = {:C$\backslash$:/Users/ebrandt/AppData/Local/Mendeley Ltd./Mendeley Desktop/Downloaded/Pham et al. - 2019 - Multiscale brain MRI super-resolution using deep 3D convolutional networks Multiscale brain MRI super-resolution us.pdf:pdf},
journal = {Computerized Medical Imaging and Graphics},
keywords = {3D convolutional neural network,brain MRI,super-resolution},
publisher = {Elsevier},
title = {{Multiscale brain MRI super-resolution using deep 3D convolutional networks Multiscale brain MRI super-resolution using deep 3D convolutional}},
url = {https://hal.archives-ouvertes.fr/hal-01635455v2},
volume = {77},
year = {2019}
}

@inproceedings{lai2017deep,
  title={Deep laplacian pyramid networks for fast and accurate super-resolution},
  author={Lai, Wei-Sheng and Huang, Jia-Bin and Ahuja, Narendra and Yang, Ming-Hsuan},
  booktitle={Proceedings of the IEEE conference on computer vision and pattern recognition},
  pages={624--632},
  year={2017}
}

@inproceedings{wang2018fully,
  title={A fully progressive approach to single-image super-resolution},
  author={Wang, Yifan and Perazzi, Federico and McWilliams, Brian and Sorkine-Hornung, Alexander and Sorkine-Hornung, Olga and Schroers, Christopher},
  booktitle={Proceedings of the IEEE Conference on Computer Vision and Pattern Recognition Workshops},
  pages={864--873},
  year={2018}
}

@article{karras2017progressive,
  title={Progressive growing of gans for improved quality, stability, and variation},
  author={Karras, Tero and Aila, Timo and Laine, Samuli and Lehtinen, Jaakko},
  journal={arXiv preprint arXiv:1710.10196},
  year={2017}
}

@article{aitken2017checkerboard,
  title={Checkerboard artifact free sub-pixel convolution: A note on sub-pixel convolution, resize convolution and convolution resize},
  author={Aitken, Andrew and Ledig, Christian and Theis, Lucas and Caballero, Jose and Wang, Zehan and Shi, Wenzhe},
  journal={arXiv preprint arXiv:1707.02937},
  year={2017}
}

@incollection{NEURIPS2019_9015,
title = {PyTorch: An Imperative Style, High-Performance Deep Learning Library},
author = {Paszke, Adam and Gross, Sam and Massa, Francisco and Lerer, Adam and Bradbury, James and Chanan, Gregory and Killeen, Trevor and Lin, Zeming and Gimelshein, Natalia and Antiga, Luca and Desmaison, Alban and Kopf, Andreas and Yang, Edward and DeVito, Zachary and Raison, Martin and Tejani, Alykhan and Chilamkurthy, Sasank and Steiner, Benoit and Fang, Lu and Bai, Junjie and Chintala, Soumith},
booktitle = {Advances in Neural Information Processing Systems 32},
editor = {H. Wallach and H. Larochelle and A. Beygelzimer and F. d\textquotesingle Alch\'{e}-Buc and E. Fox and R. Garnett},
pages = {8024--8035},
year = {2019},
publisher = {Curran Associates, Inc.},
url = {http://papers.neurips.cc/paper/9015-pytorch-an-imperative-style-high-performance-deep-learning-library.pdf}
}


@inproceedings{karras2019style,
  title={A style-based generator architecture for generative adversarial networks},
  author={Karras, Tero and Laine, Samuli and Aila, Timo},
  booktitle={Proceedings of the IEEE Conference on Computer Vision and Pattern Recognition},
  pages={4401--4410},
  year={2019}
}


@inproceedings{johnson2016perceptual,
  title={Perceptual losses for real-time style transfer and super-resolution},
  author={Johnson, Justin and Alahi, Alexandre and Fei-Fei, Li},
  booktitle={European conference on computer vision},
  pages={694--711},
  year={2016},
  organization={Springer}
}

@article{OpenImages,
  author = {Alina Kuznetsova and Hassan Rom and Neil Alldrin and Jasper Uijlings and Ivan Krasin and Jordi Pont-Tuset and Shahab Kamali and Stefan Popov and Matteo Malloci and Alexander Kolesnikov and Tom Duerig and Vittorio Ferrari},
  title = {The Open Images Dataset V4: Unified image classification, object detection, and visual relationship detection at scale},
  year = {2020},
  journal = {IJCV}
}

@article{opencv_library,
    author = {Bradski, G.},
    citeulike-article-id = {2236121},
    journal = {Dr. Dobb's Journal of Software Tools},
    keywords = {bibtex-import},
    posted-at = {2008-01-15 19:21:54},
    priority = {4},
    title = {{The OpenCV Library}},
    year = {2000}
}